@book{rfc-822,
author="David H. Crocker",
editor="",
title="{RFC822 - STANDARD FOR THE FORMAT OF ARPA INTERNET TEXT MESSAGES}",
publisher="",
year="1982",

volume="",
number="",
series="",
address="",
edition="",
month="",
note=""
}

http://en.wikipedia.org/wiki/Leo_Beranek
http://en.wikipedia.org/wiki/J.C.R._Licklider
http://en.wikipedia.org/wiki/Defense_Advanced_Research_Projects_Agency#Active_Projects
http://en.wikipedia.org/wiki/ARPANET
http://en.wikipedia.org/wiki/Multics
http://en.wikipedia.org/wiki/Network_Control_Program
http://openmap.bbn.com/~tomlinso/ray/firstemailmain.html
http://openmap.bbn.com/~tomlinso/ray/ka10.html -> zdjêcie
http://www.livinginternet.com/e/ei.htm