@book{bui-97,
author="Garfinkel, Simson and Spafford, Gene",
editor="",
title="{Bezpieczeñstwo w Unixie i Internecie}",
publisher="Wydawnictwo RM (O'Reilly and Associates, Inc.)",
year="1997",

volume="",
number="",
series="",
address="",
edition="",
month="",
note=""
}


@book{fso-2000,
author="Strebe, Matthew and Perkins, Charles",
editor="",
title="{Firewalls, ¦ciany ogniowe}",
publisher="Wydawnictwo MIKOM (Sybex Inc.)",
year="2001",

volume="",
number="",
series="",
address="",
edition="",
month="",
note=""
}


@book{if-2001,
author="Zwicky, Elizabeth D. and Cooper, Simon and Chapman, D. Brent",
editor="",
title="{Internet Firewalls - tworzenie zapór ogniowych}",
publisher="Wydawnictwo RM (O'Reilly and Associates, Inc.)",
year="2001",

volume="",
number="",
series="",
address="",
edition="",
month="",
note=""
}

@book{tbs-2000,
author="Kaeo, Merike",
editor="",
title="Tworzenie bezpiecznych sieci",
publisher="Wydawnictwo MIKOM (Cisco Press)",
year="2001",

volume="",
number="",
series="",
address="",
edition="",
month="",
note=""
}

@book{bzsk-1999,
author="Stawowski, Mariusz",
editor="",
title="Badanie zabezpieczeñ sieci komputerowych",
publisher="Wydawnictwo ArsKom",
year="1999",

volume="",
number="",
series="",
address="",
edition="",
month="",
note=""
}

@book{swi-1999,
author="Amoroso, Edward",
editor="",
title="{Sieci: Wykrywanie intruzów}",
publisher="Wydawnictwo RM (AT\&T)",
year="1999",

volume="",
number="",
series="",
address="",
edition="",
month="",
note=""
}

@book{openna-2001,
author="Mourani, Gerhard",
editor="",
title="{Securing \& Optimizing Linux: The Ultimate Solution}",
publisher="OpenNA Inc.",
year="2001",

volume="",
number="",
series="",
address="",
edition="",
month="",
note=""
}


@techreport{nist-2002,
author="Wack, John and Cutler, Ken and Pole, Jamie",
title="{Guidelines on Firewalls and Firewall Policy}",
institution="National Institute of Standards and Technology",
year="2002",

type="NIST Special Publication",
number="800-41",
address="",
month="Jan",
note=""
}